<?xml version="1.0" encoding="UTF-8"?><record xmlns="http://www.loc.gov/MARC21/slim" xmlns:cinclude="http://apache.org/cocoon/include/1.0" xmlns:zs="http://www.loc.gov/zing/srw/">
  <leader>01286cz  a2200229n  4500</leader>
  <controlfield tag="001">n  88244677 </controlfield>
  <controlfield tag="003">DLC</controlfield>
  <controlfield tag="005">19890901063109.4</controlfield>
  <controlfield tag="008">890717n| acannaab|          |a ana |||  </controlfield>
  <datafield tag="010" ind1=" " ind2=" ">
    <subfield code="a">n  88244677 </subfield>
  </datafield>
  <datafield tag="040" ind1=" " ind2=" ">
    <subfield code="a">DLC</subfield>
    <subfield code="c">DLC</subfield>
  </datafield>
  <datafield tag="110" ind1="1" ind2="0">
    <subfield code="a">Tuscany (Grand Duchy).</subfield>
    <subfield code="b">Archivio publico</subfield>
  </datafield>
  <datafield tag="410" ind1="1" ind2="0">
    <subfield code="a">Tuscany (Grand Duchy).</subfield>
    <subfield code="b">Archiuio publico</subfield>
  </datafield>
  <datafield tag="410" ind1="2" ind2="0">
    <subfield code="a">Archivio publico (Florence, Tuscany)</subfield>
  </datafield>
  <datafield tag="410" ind1="2" ind2="0">
    <subfield code="a">Archiuio publico (Florence, Tuscany)</subfield>
  </datafield>
  <datafield tag="410" ind1="2" ind2="0">
    <subfield code="a">Archivio publico della città di Firenze</subfield>
  </datafield>
  <datafield tag="410" ind1="2" ind2="0">
    <subfield code="a">Archiuio publico della città di Firenze</subfield>
  </datafield>
  <datafield tag="410" ind1="2" ind2="0">
    <subfield code="a">Archivio della città di Fiorenza</subfield>
  </datafield>
  <datafield tag="410" ind1="2" ind2="0">
    <subfield code="a">Archiuio della città di Fiorenza</subfield>
  </datafield>
  <datafield tag="670" ind1=" " ind2=" ">
    <subfield code="a">Its Deliberationi circa il modo et osservanza di piu capi ... 1570:</subfield>
    <subfield code="b">t.p. (Archivio publico)</subfield>
  </datafield>
  <datafield tag="670" ind1=" " ind2=" ">
    <subfield code="a">Tuscany (Grand Duchy). Prouisioni concernenti il negotio et carico dell'Archiuio publico, 1570:</subfield>
    <subfield code="b">t.p. (Archiuio publico) p. 3 (Archiuio publico della citta di Firenze)</subfield>
  </datafield>
  <datafield tag="670" ind1=" " ind2=" ">
    <subfield code="a">Florence (Republic). Prouisione et decreto delli molto magnifici et clarissimi Sig. Luogotenente et Consiglieri ... 1573:</subfield>
    <subfield code="b">t.p. (Archiuio della città di Fiorenza; new in 1570) p. 2 (Grand Duke of Tuscany orders all public papers now in local archives in the Republica fiorentina to be moved to the new Archiuio publica della città)</subfield>
  </datafield>
</record>